<?xml version="1.0" encoding="UTF-8"?><collection xmlns="http://www.loc.gov/MARC21/slim"><record><leader>00649nam--2200193-i-4500</leader><controlfield tag="001">000047586</controlfield><controlfield tag="002">20161230</controlfield><controlfield tag="005">20161230201046</controlfield><controlfield tag="008">060222s1000------------r-----000-0-eng-d</controlfield><datafield ind1=" " ind2=" " tag="020"><subfield code="a">9971500566</subfield></datafield><datafield ind1=" " ind2=" " tag="040"><subfield code="a">IFIN-HH</subfield></datafield><datafield ind1=" " ind2=" " tag="080"><subfield code="a">539.12.01(061.3)</subfield></datafield><datafield ind1="1" ind2=" " tag="100"><subfield code="a">Brodsky, S</subfield></datafield><datafield ind1="1" ind2="0" tag="245"><subfield code="a">Workshop on nuclear chromodynamics</subfield><subfield code="b">Quarks and cluons in particles and nuclei; 12-23 august 1985 institute for theoretical physics university of california santa barbara</subfield><subfield code="c">S. brodsky, e. moniz (eds.)</subfield></datafield><datafield ind1=" " ind2=" " tag="260"><subfield code="a">Singapore</subfield><subfield code="b">World Scientific</subfield><subfield code="c">1986</subfield></datafield><datafield ind1=" " ind2=" " tag="300"><subfield code="a">XI + 520P</subfield></datafield><datafield ind1="1" ind2=" " tag="700"><subfield code="a">Moniz, E</subfield><subfield code="e">Ed</subfield></datafield><datafield ind1=" " ind2=" " tag="852"><subfield code="a">79124</subfield><subfield code="c">5329.12</subfield></datafield><datafield ind1=" " ind2=" " tag="CAT"><subfield code="a">Sys</subfield><subfield code="c">20120130</subfield><subfield code="h">141002</subfield></datafield></record></collection>